<record><leader>00000cas a22000007a 4500</leader><controlfield tag="001">20239695</controlfield><controlfield tag="008">890823d18781969couwr ne      0    0eng d</controlfield><datafield ind1=" " ind2=" " tag="010"><subfield code="a">sn 89052236 </subfield></datafield><datafield ind1=" " ind2=" " tag="040"><subfield code="a">CNQ</subfield><subfield code="b">eng</subfield><subfield code="c">CNQ</subfield><subfield code="d">OCLCQ</subfield></datafield><datafield ind1=" " ind2=" " tag="042"><subfield code="a">msc</subfield></datafield><datafield ind1="0" ind2="0" tag="245"><subfield code="a">Longmont ledger.</subfield></datafield><datafield ind1=" " ind2=" " tag="260"><subfield code="a">Longmont, Boulder Co., Colo. :</subfield><subfield code="b">Ledger Print. Co.</subfield></datafield><datafield ind1=" " ind2=" " tag="300"><subfield code="a">v.</subfield></datafield><datafield ind1=" " ind2=" " tag="310"><subfield code="a">Weekly</subfield></datafield><datafield ind1="0" ind2=" " tag="362"><subfield code="a">Vol. 1, no. 1 (Sept. 12, 1879)-v. 89, no. 46 [49] (Oct. 2, 1969).</subfield></datafield><datafield ind1=" " ind2=" " tag="500"><subfield code="a">Longmont ledger. extra. appeared on Sept. 8, 1879.</subfield></datafield><datafield ind1=" " ind2=" " tag="530"><subfield code="a">Available on microfilm from the Colorado Historical Society.</subfield></datafield><datafield ind1=" " ind2=" " tag="752"><subfield code="a">United States</subfield><subfield code="b">Colorado</subfield><subfield code="c">Boulder</subfield><subfield code="d">Longmont.</subfield></datafield><datafield ind1="0" ind2="5" tag="780"><subfield code="t">Valley home and farm</subfield><subfield code="w">(DLC)sn 90051613</subfield></datafield><datafield ind1="0" ind2="0" tag="785"><subfield code="t">Longmont commercial ledger</subfield><subfield code="w">(DLC)sn 89052237</subfield></datafield></record>